<?xml version="1.0" encoding="UTF-8"?><collection xmlns="http://www.loc.gov/MARC21/slim"><record><leader>00369nam--2200133-i-4500</leader><controlfield tag="001">000001528</controlfield><controlfield tag="002">20161230</controlfield><controlfield tag="005">20161230201024</controlfield><controlfield tag="008">060222s1000------------r-----000-0-eng-d</controlfield><datafield ind1=" " ind2=" " tag="080"><subfield code="a">577.38:539.26(043)</subfield></datafield><datafield ind1=" " ind2=" " tag="100"><subfield code="a">Doly, Michel</subfield></datafield><datafield ind1=" " ind2=" " tag="245"><subfield code="a">Mecanisme de formation des phospene provoques par les rayons x.these</subfield></datafield><datafield ind1=" " ind2=" " tag="260"><subfield code="a">Clermont, Universite, 1978. 13 P</subfield></datafield><datafield ind1=" " ind2=" " tag="852"><subfield code="a">48498</subfield></datafield></record></collection>